@article{kupiec-train, 
title="A trainable document summarizer",
author="Julian Kupiec and Jan Pedersen and Francine Chen",
journal="In Proceedings SIGIR 95",
year="1995",
}
@article{linOPP, 
title="Identifying Topics by Position",
author="Chin-Yew Lin and Eduard Hovy",
journal="Proceedings of the fifth conference on Applied natural language processing",
year="1997",
}

@article{Rama-Structure, 
title="Structure-Based Query-Specific Document Summarization",
author="Ramakrishna Varadarajan and Vagelis Hristidis",
journal="Proceedings of the CIKM’05, October 31–November 5, 2005, ",
year="2005",
}

@article{Nenkova-newswire, 
title="Automatic text summarization of newswire: Lessons learned from the document understanding conference",
author="Ani Nenkova",
journal="Proceedings of the IEEE",
year="2005",
}

@article{Svore-RankNet, 
title="Enhancing single-document summarization by combining RankNet and third-party sources",
author="Svore, K. and Vanderwende, L. and Burges",
journal="In Proceedings ofthe EMNLP-CoNLL",
year="2007",
}

@article{siddiqui-multilingual, 
title="A language independent approach to multilingual text summarization",
author="Alkesh Patel and Tanveer Siddiqui and U. S. Tiwary",
journal="Proceedings of the IEEE",
year="2007",
}

@article{Ledeneval-FreqSequences, 
title="Terms Derived from Frequent Sequences for Extractive Text Summarization",
author="Yulia Ledeneva1 and Alexander Gelbukh and Ren\'{e} Arnulfo Garc\'{i}a-Hern\'{a}ndez",
journal="Proceedings of the CICLing 2008",
year="2008",
}

@online{webwikingram,
author = "Wikipedia",
title = "n-gram",
HOWPUBLISHED = "\url{http://en.wikipedia.org/wiki/N-gram#n-gram_models}"
}

@online{webwikipos,
author = "Wikipedia",
title = "Part-of-speech tagging",
HOWPUBLISHED = "\url{http://en.wikipedia.org/wiki/POS_tagger}"
}

@online{webCoNNL,
author = "Tom Morton",
title = "Chunking",
HOWPUBLISHED = "\url{http://www.cnts.ua.ac.be/conll2000/chunking/}"
}